@article{bhalla1992,
    title = {Rallpacks: a set of benchmarks for neuronal simulators},
    journal = {Trends in Neurosciences},
    volume = {15},
    number = {11},
    pages = {453--458},
    year = {1992},
    month = {11},
    author = {Upinder S. Bhalla and David H. Bilitch and James M. Bower},
    doi = {10.1016/0166-2236(92)90009-W}
}
